% This file was created with Citavi 5.3.1.0

@article{Benoit.Forthcoming,
 author = {Benoit, Kenneth and Conway, Drew and Lauderdale, Benjamin E. and Laver, Michael and Mikhaylov, Slava},
 year = {Forthcoming},
 title = {Crowd-sourced text analysis: reproducible and agile production of political data},
 urldate = {21.06.2016},
 journal = {American Political Science Rewview}
}


@article{Benoit.2,
 author = {Benoit, Kenneth and Laver, Michael and Mikhaylov, Slava},
 year = {2},
 title = {Treating Words as Data with Error: Uncertainty in Text Statements of Policy Positions},
 urldate = {21.06.2016},
 pages = {495--513},
 volume = {53},
 journal = {American Journal of Political Science}
}


@book{Martin.2014,
 year = {2014},
 title = {The Oxford Handbook of Legislative Studies},
 address = {Oxford},
 publisher = {{Oxford University Press}},
 editor = {Martin, Shane and Saalfeld, Thomas and Str{\o}m, Kaare W.}
}


@incollection{Slapin.2014,
 author = {Slapin, Jonathan B. and Proksch, Sven-Oliver},
 title = {Word as Data: Content Analysis in Legislative Studies},
 pages = {126--144},
 publisher = {{Oxford University Press}},
 editor = {Martin, Shane and Saalfeld, Thomas and Str{\o}m, Kaare W.},
 booktitle = {The Oxford Handbook of Legislative Studies},
 year = {2014},
 address = {Oxford}
}


