%% This BibTeX bibliography file was created using BibDesk.
%% http://bibdesk.sourceforge.net/


%% Created for Felix at 2016-04-02 09:54:15 +0200 


%% Saved with string encoding Unicode (UTF-8) 



@url{fipidemo,
	Date-Added = {2016-04-02 07:49:07 +0000},
	Date-Modified = {2016-04-02 07:54:14 +0000},
	Title = {A web demo of political bias prediction for german language\\ \url{http://to-be-included-in-camera-ready-version.com}},
	Url = {\url{http://to-be-included-in-camera-ready-version.com}},
	Year = {2016}}

@url{fipi,
	Date-Added = {2016-04-02 07:48:37 +0000},
	Date-Modified = {2016-04-02 07:53:54 +0000},
	Title = {Github repository for political bias prediction code\\ \url{http://to-be-included-in-camera-ready-version.com}},
	Url = {http://to-be-included-in-camera-ready-version.com},
	Year = {2016}}

@article{Arzheimer2016,
	Author = {Kai Arzheimer},
	Date-Added = {2016-04-02 07:33:30 +0000},
	Date-Modified = {2016-04-02 07:33:52 +0000},
	Journal = {West European Politics},
	Title = {The AfD: Finally a Successful Right-Wing Populist Eurosceptic Party for Germany?},
	Year = {2016}}

@book{manifesto,
	Address = {https://manifestoproject.wzb.eu/information/documents/corpus},
	Author = {Lehmann, Pola and Matthie{\ss}, Theres and Merz, Nicolas and Regel, Sven and Werner, Annika},
	Date-Added = {2016-03-30 21:09:36 +0000},
	Date-Modified = {2016-03-30 21:15:31 +0000},
	Publisher = {WZB Berlin Social Science Center.},
	Title = {Manifesto Corpus},
	Year = {2015}}

@article{Haufe2013,
	Author = {Stefan Haufe and Frank Meinecke and Kai G{\"o}rgen and Sven D\"ahne and John-Dylan Haynes and Benjamin Blankertz and Felix Biessmann},
	Date-Added = {2015-08-30 18:32:49 +0000},
	Date-Modified = {2015-08-30 18:32:49 +0000},
	Journal = {Neuroimage},
	Pages = {96--110},
	Title = {On the interpretation of weight vectors of linear models in multivariate neuroimaging},
	Volume = {87},
	Year = {2014},
	Bdsk-File-1 = {YnBsaXN0MDDUAQIDBAUGJCVYJHZlcnNpb25YJG9iamVjdHNZJGFyY2hpdmVyVCR0b3ASAAGGoKgHCBMUFRYaIVUkbnVsbNMJCgsMDxJXTlMua2V5c1pOUy5vYmplY3RzViRjbGFzc6INDoACgAOiEBGABIAFgAdccmVsYXRpdmVQYXRoWWFsaWFzRGF0YV8QNS4uLy4uLy4uLy4uL0RvY3VtZW50cy9QYXBlcnMvMjAxMy9IYXVmZS9IYXVmZTIwMTMucGRm0hcLGBlXTlMuZGF0YU8RAagAAAAAAagAAgAADE1hY2ludG9zaCBIRAAAAAAAAAAAAAAAAAAAAM3JFUpIKwAAAETD9Q1IYXVmZTIwMTMucGRmAAAAAAAAAAAAAAAAAAAAAAAAAAAAAAAAAAAAAAAAAAAAAAAAAAAAAAAAAAAAAAAAAAAARMP3zp1rGAAAAAAAAAAAAAQABQAACSAAAAAAAAAAAAAAAAAAAAAFSGF1ZmUAABAACAAAzcj5KgAAABEACAAAzp1dCAAAAAEAGABEw/UAFkStABY6uwAFwEkABcBIAAISKQACAEhNYWNpbnRvc2ggSEQ6VXNlcnM6AGZlbGl4OgBEb2N1bWVudHM6AFBhcGVyczoAMjAxMzoASGF1ZmU6AEhhdWZlMjAxMy5wZGYADgAcAA0ASABhAHUAZgBlADIAMAAxADMALgBwAGQAZgAPABoADABNAGEAYwBpAG4AdABvAHMAaAAgAEgARAASADVVc2Vycy9mZWxpeC9Eb2N1bWVudHMvUGFwZXJzLzIwMTMvSGF1ZmUvSGF1ZmUyMDEzLnBkZgAAEwABLwAAFQACAAz//wAAgAbSGxwdHlokY2xhc3NuYW1lWCRjbGFzc2VzXU5TTXV0YWJsZURhdGGjHR8gVk5TRGF0YVhOU09iamVjdNIbHCIjXE5TRGljdGlvbmFyeaIiIF8QD05TS2V5ZWRBcmNoaXZlctEmJ1Ryb290gAEACAARABoAIwAtADIANwBAAEYATQBVAGAAZwBqAGwAbgBxAHMAdQB3AIQAjgDGAMsA0wJ/AoEChgKRApoCqAKsArMCvALBAs4C0QLjAuYC6wAAAAAAAAIBAAAAAAAAACgAAAAAAAAAAAAAAAAAAALt}}

@inproceedings{remquahey2010,
	Author = {Remus, R. and Quasthoff, U. and Heyer, G.},
	Booktitle = {Proceedings of the 7th International Language Resources and Evaluation (LREC'10)},
	Date-Added = {2015-08-30 18:23:04 +0000},
	Date-Modified = {2015-08-30 18:23:04 +0000},
	Title = {SentiWS -- a Publicly Available German-language Resource for Sentiment Analysis},
	Year = {2010}}

@unpublished{stopwords,
	Author = {Solaris},
	Date-Added = {2015-08-30 18:19:21 +0000},
	Date-Modified = {2015-08-30 18:19:40 +0000},
	Note = {\url{http://solariz.de/649/deutsche-stopwords.htm}},
	Title = {Stopword List}}

@unpublished{plenarprotokolle,
	Author = {Deutscher Bundestag},
	Date-Added = {2015-08-30 17:42:04 +0000},
	Date-Modified = {2015-08-30 17:42:49 +0000},
	Note = {\url{http://www.bundestag.de/plenarprotokolle}},
	Title = {Plenarprotokolle des Deutschen Bundestags},
	Year = {2013-2015}}

@unpublished{linksrechts_code,
	Author = {Felix Biessmann and Daniel Kirsch},
	Date-Added = {2015-08-30 17:33:59 +0000},
	Date-Modified = {2015-08-30 18:20:10 +0000},
	Note = {\url{http://github.com/kirel/political-affiliation-prediction}},
	Title = {Political Party Affiliation Prediction GitHub Repository},
	Year = {2015}}

@unpublished{linksrechts,
	Author = {Felix Biessmann and Daniel Kirsch},
	Date-Added = {2015-08-30 17:32:57 +0000},
	Date-Modified = {2015-08-30 18:20:05 +0000},
	Note = {\url{http://www.linksrechts.kirelabs.org}},
	Title = {Political Party Affiliation Prediction},
	Year = {2015}}

@unpublished{gruene_parteiprogramm,
	Author = {{B\"undnis 90/Gr\"une}},
	Date-Added = {2015-08-29 11:26:21 +0000},
	Date-Modified = {2015-08-29 11:28:43 +0000},
	Note = {\url{http://www.gruene.de/fileadmin/user_upload/Dokumente/Wahlprogramm/Wahlprogramm-barrierefrei.pdf}},
	Title = {Parteiprogramm},
	Year = {2013}}

@unpublished{linke_parteiprogramm,
	Author = {DIE LINKE},
	Date-Added = {2015-08-29 11:25:21 +0000},
	Date-Modified = {2015-08-29 11:28:12 +0000},
	Note = {\url{https://www.die-linke.de/fileadmin/download/wahlen2013/bundestagswahlprogramm/bundestagswahlprogramm2013_langfassung.pdf}},
	Title = {Parteiprogramm},
	Year = {2013}}

@unpublished{cdu_parteiprogramm,
	Author = {CDU/CSU},
	Date-Added = {2015-08-29 11:24:27 +0000},
	Date-Modified = {2015-08-29 11:25:19 +0000},
	Note = {\url{http://www.cdu.de/sites/default/files/media/dokumente/regierungsprogramm-2013-2017-langfassung-20130911.pdf}},
	Title = {Parteiprogramm},
	Year = {2013}}

@unpublished{spd_parteiprogramm,
	Author = {SPD},
	Date-Added = {2015-08-29 11:19:08 +0000},
	Date-Modified = {2015-08-29 11:29:19 +0000},
	Note = {\url{https://www.spd.de/linkableblob/96686/data/20130415_regierungsprogramm_2013_2017.pdf}},
	Title = {Parteiprogramm},
	Year = {2013}}

@article{scikit-learn,
	Author = {Pedregosa, F. and Varoquaux, G. and Gramfort, A. and Michel, V. and Thirion, B. and Grisel, O. and Blondel, M. and Prettenhofer, P. and Weiss, R. and Dubourg, V. and Vanderplas, J. and Passos, A. and Cournapeau, D. and Brucher, M. and Perrot, M. and Duchesnay, E.},
	Date-Added = {2015-07-13 17:59:54 +0000},
	Date-Modified = {2015-07-13 17:59:54 +0000},
	Journal = {Journal of Machine Learning Research},
	Pages = {2825--2830},
	Title = {Scikit-learn: Machine Learning in {P}ython},
	Volume = {12},
	Year = {2011}}

@comment{BibDesk Static Groups{
<?xml version="1.0" encoding="UTF-8"?>
<!DOCTYPE plist PUBLIC "-//Apple//DTD PLIST 1.0//EN" "http://www.apple.com/DTDs/PropertyList-1.0.dtd">
<plist version="1.0">
<array>
	<dict>
		<key>group name</key>
		<string>AKA Seminar</string>
		<key>keys</key>
		<string></string>
	</dict>
	<dict>
		<key>group name</key>
		<string>amyo</string>
		<key>keys</key>
		<string></string>
	</dict>
</array>
</plist>
}}
